<?xml version="1.0" encoding="UTF-8"?><record xmlns="http://www.loc.gov/MARC21/slim" xmlns:cinclude="http://apache.org/cocoon/include/1.0" xmlns:zs="http://www.loc.gov/zing/srw/">
  <leader>00664cz  a2200157n  4500</leader>
  <controlfield tag="001">no2004056830</controlfield>
  <controlfield tag="003">DLC</controlfield>
  <controlfield tag="005">20040624052158.0</controlfield>
  <controlfield tag="008">040614n| acannaabn          |a aaa     c</controlfield>
  <datafield tag="010" ind1=" " ind2=" ">
    <subfield code="a">no2004056830</subfield>
  </datafield>
  <datafield tag="035" ind1=" " ind2=" ">
    <subfield code="a">(OCoLC)oca06370171</subfield>
  </datafield>
  <datafield tag="040" ind1=" " ind2=" ">
    <subfield code="a">TNJ</subfield>
    <subfield code="b">eng</subfield>
    <subfield code="c">TNJ</subfield>
  </datafield>
  <datafield tag="100" ind1="1" ind2=" ">
    <subfield code="a">Boarino, Gerald L.</subfield>
    <subfield code="q">(Gerald Louis),</subfield>
    <subfield code="d">1931-</subfield>
  </datafield>
  <datafield tag="400" ind1="1" ind2=" ">
    <subfield code="a">Boarino, Gerald Louis,</subfield>
    <subfield code="d">1931-</subfield>
  </datafield>
  <datafield tag="670" ind1=" " ind2=" ">
    <subfield code="a">Lecturas contemporaĚneas, c1967:</subfield>
    <subfield code="b">t.p. (Gerald L. Boarino, of California State University, Fullerton, master's and doctorate from Univ. of California at Berkeley)</subfield>
  </datafield>
  <datafield tag="670" ind1=" " ind2=" ">
    <subfield code="a">OCLC search, June 14, 2004 (hdg: Boarino, Gerald Louis, 1931- ; hdg: Boarino, Geraldo Louis ; hdg: Boarino, Geraldo L.)</subfield>
  </datafield>
</record>